@book{geometria,
  author = {Lehmann, Charles H},
  title = {Geometría  analítica},
  publisher = {LIMUSA},
  year = 1965
}

@misc{repositorio,
  author = {Arely Alvarado},
  title = {{Repositorio de Github}},
  howpublished = "\url{https://github.com/ArelyAnahiA/MateComputacional}",
  year = {2021}
}