@book{correlation,
  author = {Ezekiel, M.},
  title = {Methods of Correlation Analysis},
  publisher = {Wiley},
  year = 1930
}

@book{data,
  author = {McNeil, D. R. },
  title = {Interactive Data Analysis},
  publisher = {Wiley},
  year = 1977
}

@misc{repositorio,
  author = {Arely Alvarado},
  title = {{Repositorio de Github}},
  howpublished = "\url{https://github.com/ArelyAnahiA/MateComputacional}",
  year = {2021}
}

